
@article{
  Jaeger2001,
  title     = {The “echo state” approach to analysing and training recurrent neural networks-with an erratum note},
  author    = {Jaeger, Herbert},
  journal   = {Bonn, Germany: German National Research Center for Information Technology GMD Technical Report},
  volume    = {148},
  number    = {34},
  pages     = {13},
  year      = {2001},
  publisher = {Bonn}
}

@article{
  Jaeger2002,
  title     = {Tutorial on training recurrent neural networks, covering BPPT, RTRL, EKF and the" echo state network" approach},
  author    = {Jaeger, Herbert},
  year      = {2002},
  publisher = {GMD-Forschungszentrum Informationstechnik Bonn}
}

@article{
  Lukosevicius2009,
  title     = {Reservoir computing approaches to recurrent neural network training},
  author    = {Lukoševičius, Mantas and Jaeger, Herbert},
  journal   = {Computer Science Review},
  volume    = {3},
  number    = {3},
  pages     = {127--149},
  year      = {2009},
  publisher = {Elsevier}
}

@article{
  Lukosevicius2012,
  author = {Lukoševičius, Mantas},
  year   = {2012},
  month  = {01},
  pages  = {},
  title  = {A Practical Guide to Applying Echo State Networks},
  isbn   = {978-3-642-35288-1},
  doi    = {10.1007/978-3-642-35289-8_36}
}

@article{
  Makridakis2020,
  title   = {The M4 Competition: 100,000 time series and 61 forecasting methods},
  journal = {International Journal of Forecasting},
  volume  = {36},
  number  = {1},
  pages   = {54-74},
  year    = {2020},
  note    = {M4 Competition},
  issn    = {0169-2070},
  doi     = {https://doi.org/10.1016/j.ijforecast.2019.04.014},
  url     = {https://www.sciencedirect.com/science/article/pii/S0169207019301128},
  author  = {Spyros Makridakis and Evangelos Spiliotis and Vassilios Assimakopoulos}
}

@article{
  Bergstra2012,
  author  = {James Bergstra and Yoshua Bengio},
  title   = {Random Search for Hyper-Parameter Optimization},
  journal = {Journal of Machine Learning Research},
  year    = {2012},
  volume  = {13},
  number  = {10},
  pages   = {281--305},
  url     = {http://jmlr.org/papers/v13/bergstra12a.html}
}

@book{
  Hastie2009,
  author    = {Hastie, Trevor and Tibshirani, Robert and Friedman, Jerome},
  edition   = 2,
  publisher = {Springer},
  address   = {New York},
  title     = {The elements of statistical learning: data mining, inference and prediction},
  url       = {http://www-stat.stanford.edu/~tibs/ElemStatLearn/},
  year      = 2009
}

@Manual{
  echos,
  title  = {echos: Echo State Networks for Time Series Modeling and Forecasting},
  author = {Alexander Häußer},
  year   = {2024},
  note   = {R package version 0.0.4},
  url    = {https://github.com/ahaeusser/echos},
}